<?xml version="1.0" encoding="UTF-8"?><collection xmlns="http://www.loc.gov/MARC21/slim"><record><leader>00380nam--2200133-i-4500</leader><controlfield tag="001">000035941</controlfield><controlfield tag="002">20161230</controlfield><controlfield tag="005">20161230201040</controlfield><controlfield tag="008">060222s1000------------r-----000-0-eng-d</controlfield><datafield ind1=" " ind2=" " tag="080"><subfield code="a">538.4</subfield></datafield><datafield ind1=" " ind2=" " tag="245"><subfield code="a">Les ondes de detonation. gif-sur-yvette, 28 aout - 2 sept.1961</subfield></datafield><datafield ind1=" " ind2=" " tag="260"><subfield code="a">Paris, Editions Du C.N.R.S., 1962, 486p</subfield></datafield><datafield ind1=" " ind2=" " tag="490"><subfield code="a">Colloques Internationaux Du C.N.R.S</subfield></datafield><datafield ind1=" " ind2=" " tag="852"><subfield code="a">29198</subfield></datafield></record></collection>